%jin
@article{Ref4.1,
  author = {{News Bites}},
  year = {2023},
  month = {Nov},
  day = {27},
  title = {Tech Cocktail Amazon vs Temu: Which Online Giant is Best?.},
  journal = {\textit{News Bites - Private Companies}},
  url = {http://ezproxy.lib.uts.edu.au/login?url=https://www.proquest.com/wire-feeds/tech-cocktail-amazon-vs-temu-which-online-giant/docview/2893549550/se-2},
}

@misc{Ref4.2,
  author = {Lahiri, Anusuya},
  year = {2024},
  month = {Feb},
  day = {13},
  title = {\textit{Temu vs. Shein: Battle Intensifies as Temu Woos Sellers, Targets Amazon and Walmart.}},
  paper = {Benzinga Newswires.},
  url = {http://ezproxy.lib.uts.edu.au/login?url=https://www.proquest.com/wire-feeds/temu-vs-shein-battle-intensifies-as-woos-sellers/docview/2925536383/se-2},
}

@article{Ref4.3,
  author = {Yau, Z. A. and Rahman, N. A. A. and Ismail, N.},
  year = {2024},
  title = {Cyber security study of “Amazon Echo” in home and organization automation.},
  journal = {\textit{AIP Conference Proceedings, 2802(1)}},
  url = {https://doi.org/10.1063/5.0183100},
}
%%%%%%%%%%%%%%%%%%%%%%%%%%%%%%%%%%%%%%%
%Irean

@book{Ref1.1,
  author = {Ragnedda, M., and Ruiu, M. L.},
  title = {\textit{Digital Capital: A Bourdieusian Perspective on the Digital Divide.}},
  publisher = {Emerald Publishing Limited},
  year = {2020},
  edition = {1st},
  url = {https://search.lib.uts.edu.au/permalink/61UTS_INST/1ibc883/cdi_globaltitleindex_catalog_335893145},
}

@article{Ref1.2,
  author = {Lai, J., and Widmar, N. O.},
  title = {Revisiting the Digital Divide in the COVID‐19 Era.},
  journal = {\textit{Applied Economic Perspectives and Policy, 43(1), 458--464}},
  year = {2021},
  doi = {10.1002/aepp.13104},
  url = {https://doi.org/10.1002/aepp.13104},
}

@article{Ref1.3,
  author = {Haight, M., and Quan-Haase, A. and Corbett, B. A.},
  title = {Revisiting the digital divide in Canada: the impact of demographic factors on access to the internet, level of online activity, and social networking site usage.},
  journal = {\textit{Information, Communication & Society, 17(4), 503--519}},
  year = {2014},
  doi = {10.1080/1369118X.2014.891633},
  url = {https://doi.org/10.1080/1369118X.2014.891633},
}

@article{Ref1.4,
  author = {Taher, G.},
  title = {E-Commerce: Advantages and Limitations.},
  journal = {\textit{International Journal of Academic Research in Accounting, Finance and Management Sciences}},
  year = {2021},
  url = {https://www.semanticscholar.org/paper/E-Commerce%3A-Advantages-and-Limitations-Taher/1cb49e2ef7c8b63359e98d8d0df78dd13b03943d},
}

%%%%%%%%%%%%%%%%%%%%%
%Ariel 
@article{Ref2.1,
  title={Apple Pay: Coolness and embarrassment in the service encounter.},
  author={Liu, S. Q. and Mattila, A. S.},
  journal={\textit{International Journal of Hospitality Management, 78(1), 268--275}},
  year={2019},
  doi={10.1016/j.ijhm.2018.09.009},
  url = {https://doi.org/10.1016/j.ijhm.2018.09.009}
}

@misc{Ref2.2,
  title={\textit{Online Music Streaming Industry Profile: Australia.}},
  author={MarketLine},
  year={2022},
  howpublished={\url{https://web-p-ebscohost-com.ezproxy.lib.uts.edu.au/ehost/pdfviewer/pdfviewer?vid=2&sid=8514a94c-0749-49da-b0d0-290799289fc6%40redis}}
}


%%%%%%%%%%%%%%%%%%%%%
%Pip
@article{Ref3.1,
  author = {Fernández-Antolín, A., and Lapparent, M., and Bierlaire, M.},
  title = {Modeling purchases of new cars: an analysis of the 2014 French market.},
  journal = {\textit{Theory and decision, 84(2), 277-303}},
  year = {2018},
  doi = {10.1007/s11238-017-9631-y},
  url = {https://doi.org/10.1007/s11238-017-9631-y}
}


@article{Ref3.2,
    author = {{Lexus Australia}},
    title = {\textit{Summary: Meet Your New LC 500. Lexus}},
    year = {2024, Mar 20},
    url = {https://www.lexus.com.au/models/lc/overview.}
}

@article{Ref3.3,
    author = {{Demo Car Victoria Dealer}},
    title = {\textit{2023 Lexus LC LC500 Auto.}},
    year = {2024, Mar 20},
    url = {https://www.carsales.com.au/cars/details/2023-lexus-lc-lc500-auto/OAG-AD-22877400/?Cr=1}
}